@book{sutton1998reinforcement,
  title={Reinforcement learning: An introduction},
  author={Sutton, Richard S and Barto, Andrew G and others},
  year={1998},
  publisher={MIT press}
}

@misc{clark_amodei_2017, title={Faulty Reward Functions in the Wild}, url={https://blog.openai.com/faulty-reward-functions/}, journal={OpenAI Blog}, publisher={OpenAI Blog}, author={Clark, Jack and Amodei, Dario}, year={2017}, month={Mar}} 